<?xml version="1.0" encoding="utf-8"?>
<record xmlns="http://www.loc.gov/MARC21/slim" xmlns:xsi="http://www.w3.org/2001/XMLSchema-instance" xsi:schemaLocation="http://www.loc.gov/MARC21/slim http://www.loc.gov/standards/marcxml/schema/MARC21slim.xsd">
	<leader>
		02458nam a2200421   4500
	</leader>
	<controlfield tag="001">
		2959348
	</controlfield>
	<controlfield tag="003">
		NNC
	</controlfield>
	<controlfield tag="006">
		m        d        
	</controlfield>
	<controlfield tag="007">
		cr cn |||m|||a
	</controlfield>
	<controlfield tag="008">
		150923s1925    ua      ob   f001 0 ara  
	</controlfield>
	<datafield ind1=" " ind2=" " tag="040">
		<subfield code="a">
			NNU
		</subfield>
		<subfield code="b">
			eng
		</subfield>
		<subfield code="e">
			rda
		</subfield>
		<subfield code="c">
			NNU
		</subfield>
	</datafield>
	<datafield ind1=" " ind2="4" tag="050">
		<subfield code="a">
			BP194.1
		</subfield>
		<subfield code="b">
			.K5
		</subfield>
	</datafield>
	<datafield ind1="1" ind2=" " tag="100">
		<subfield code="a">
			Khayyāṭ, ʻAbd al-Raḥīm ibn Muḥammad,
		</subfield>
		<subfield code="d">
			active 9th century.
		</subfield>
	</datafield>
	<datafield ind1="1" ind2="0" tag="240">
		<subfield code="a">
			Intiṣār
		</subfield>
	</datafield>
	<datafield ind1="1" ind2="0" tag="245">
		<subfield code="a">
			Kitāb al-Intiṣār wa-al-radd ʻalá Ibn al-Rāwandī al-mulḥid :
		</subfield>
		<subfield code="b">
			mā qaṣada bihi min al-kidhb ʻalá al-Muslimīn wa-al-ṭaʻn ʻalayhim /
		</subfield>
		<subfield code="c">
			taʼlīf Abī al-Ḥusayn ʻAbd al-Raḥīm ibn Muḥammad ibn ʻUthmān al-Khayyāṭ al-Muʻtazilī ; maʻa muqaddimah wa-taḥqiq wa-taʻlīqāt li-Naybirj.
		</subfield>
	</datafield>
	<datafield ind1="3" ind2=" " tag="246">
		<subfield code="a">
			Intiṣār
		</subfield>
	</datafield>
	<datafield ind1=" " ind2=" " tag="260">
		<subfield code="a">
			al-Qāhirah :
		</subfield>
		<subfield code="b">
			Lajnat al-Taʼlīf wa-al-Tarjamah wa-al-Nashr :
		</subfield>
		<subfield code="b">
			Maṭbaʻat Dār al-Kutub al-Miṣrīyah,
		</subfield>
		<subfield code="c">
			1925.
		</subfield>
	</datafield>
	<datafield ind1=" " ind2=" " tag="300">
		<subfield code="a">
			online resource (66, 252 pages)
		</subfield>
	</datafield>
	<datafield ind1=" " ind2=" " tag="336">
		<subfield code="a">
			text
		</subfield>
		<subfield code="2">
			rdacontent
		</subfield>
	</datafield>
	<datafield ind1=" " ind2=" " tag="337">
		<subfield code="a">
			computer
		</subfield>
		<subfield code="2">
			rdamedia
		</subfield>
	</datafield>
	<datafield ind1=" " ind2=" " tag="338">
		<subfield code="a">
			online resource
		</subfield>
		<subfield code="2">
			rdacarrier
		</subfield>
	</datafield>
	<datafield ind1=" " ind2=" " tag="500">
		<subfield code="a">
			Title on added t.p.: Le livre du triomphe et de la réfutation d'ibn er-Rawendi l'hérétique / par Abou l-Hosein Abderrahim ibn Mohammed ibn Osman el-Khayyat.
		</subfield>
	</datafield>
	<datafield ind1=" " ind2=" " tag="500">
		<subfield code="a">
			Part of the Arabic Collections Online (ACO) project, contributed by Columbia University Libraries.
		</subfield>
	</datafield>
	<datafield ind1=" " ind2=" " tag="504">
		<subfield code="a">
			Includes bibliographical references and indexes.
		</subfield>
	</datafield>
	<datafield ind1=" " ind2=" " tag="533">
		<subfield code="a">
			Electronic reproduction.
		</subfield>
		<subfield code="b">
			New York, N.Y. :
		</subfield>
		<subfield code="c">
			New York University,
		</subfield>
		<subfield code="d">
			2015.
		</subfield>
		<subfield code="5">
			NNU
		</subfield>
	</datafield>
	<datafield ind1="1" ind2="0" tag="600">
		<subfield code="a">
			Rāwandī, Aḥmad ibn Yaḥyá,
		</subfield>
		<subfield code="d">
			active 9th century.
		</subfield>
		<subfield code="t">
			Faḍīḥat al-Muʻtazilah.
		</subfield>
	</datafield>
	<datafield ind1=" " ind2="0" tag="650">
		<subfield code="a">
			Motazilites.
		</subfield>
	</datafield>
	<datafield ind1=" " ind2="0" tag="650">
		<subfield code="a">
			Shiites
		</subfield>
		<subfield code="x">
			Controversial literature.
		</subfield>
	</datafield>
	<datafield ind1="0" ind2="7" tag="630">
		<subfield code="a">
			Faḍīḥat al-Muʻtazilah (Rāwandī, Aḥmad ibn Yaḥyá)
		</subfield>
		<subfield code="2">
			fast
		</subfield>
		<subfield code="0">
			(OCoLC)fst01369852
		</subfield>
	</datafield>
	<datafield ind1=" " ind2="7" tag="650">
		<subfield code="a">
			Motazilites.
		</subfield>
		<subfield code="2">
			fast
		</subfield>
		<subfield code="0">
			(OCoLC)fst01026830
		</subfield>
	</datafield>
	<datafield ind1=" " ind2="7" tag="650">
		<subfield code="a">
			Shiites.
		</subfield>
		<subfield code="2">
			fast
		</subfield>
		<subfield code="0">
			(OCoLC)fst01115976
		</subfield>
	</datafield>
	<datafield ind1=" " ind2="7" tag="655">
		<subfield code="a">
			Controversial literature.
		</subfield>
		<subfield code="2">
			fast
		</subfield>
		<subfield code="0">
			(OCoLC)fst01423907
		</subfield>
	</datafield>
	<datafield ind1="2" ind2=" " tag="710">
		<subfield code="a">
			Columbia University.
		</subfield>
		<subfield code="b">
			Libraries.
		</subfield>
	</datafield>
	<datafield ind1="0" ind2=" " tag="730">
		<subfield code="a">
			Arabic Collections Online.
		</subfield>
	</datafield>
	<datafield ind1="0" ind2="8" tag="776">
		<subfield code="i">
			Print version:
		</subfield>
		<subfield code="a">
			Khayyāṭ, ʻAbd al-Raḥīm ibn Muḥammad, active 9th century.
		</subfield>
		<subfield code="t">
			Kitāb al-Intiṣār wa-al-radd ʻalá Ibn al-Rāwandī al-mulḥid
		</subfield>
		<subfield code="w">
			(NNC)2959348
		</subfield>
		<subfield code="w">
			(DLC)  72261076 
		</subfield>
		<subfield code="w">
			(OCoLC)15686604
		</subfield>
	</datafield>
	<datafield ind1="4" ind2="0" tag="856">
		<subfield code="u">
			http://hdl.handle.net/2333.1/44j0zrwq
		</subfield>
	</datafield>
	<datafield ind1=" " ind2=" " tag="959">
		<subfield code="a">
			NNU
		</subfield>
		<subfield code="b">
			WEB
		</subfield>
		<subfield code="c">
			GENI
		</subfield>
		<subfield code="t">
			0
		</subfield>
		<subfield code="m">
			Electronic access
		</subfield>
		<subfield code="s">
			01
		</subfield>
	</datafield>
	<datafield ind1=" " ind2=" " tag="999">
		<subfield code="i">
			NNC_2959348
		</subfield>
		<subfield code="o">
			(OCoLC)ocm15686604
		</subfield>
		<subfield code="s">
			columbia_aco001096
		</subfield>
		<subfield code="e">
			(ERROR-880)
		</subfield>
		<subfield code="s">
			columbia_aco001096
		</subfield>
	</datafield>
</record>
